% The example bibliographical entries below were borrowed from the
% <https://www.ctan.org/pkg/biblatex-iso690> package documentation.

% BORGMAN, Christine L., 2003. From Gutenberg to the global information
% infrastructure: access to information in the networked world. First. Cambridge
% (Mass): The MIT Press. ISBN 0-262-52345-0 [xviii, 324]

@BOOK{borgman03,
  author    = {Borgman, Christine L.},
  date      = {2003},
  title     = {From Gutenberg to the global information infrastructure},
  subtitle  = {access to information in the networked world},
  edition   = {1}, % should not be stated
  location  = {Cambridge (Mass)},
  publisher = {The MIT Press},
  pagetotal = {xviii, 324},
  isbn      = {0-262-52345-0},
  langid    = {english}
}

% GREENBERG, David, 1998. Camel drivers and gatecrashers: quality control in
% the digital research library. In: HAWKINS, B.L et al. (eds.). The mirage of
% continuity: reconfiguring academic information resources for the 21st
% century.  Washington (D.C.): Council on Library and Information Resources;
% Association of American Universities, pp. 105–116

@INCOLLECTION{greenberg98,
  crossref  = {mirage98},
  author    = {Greenberg, David},
  title     = {Camel drivers and gatecrashers},
  subtitle  = {quality control in the digital research library},
  pages     = {105-116},
}

@COLLECTION{mirage98,
  title     = {The mirage of continuity},
  subtitle  = {reconfiguring academic information
               resources for the 21st century},
  editor    = {Hawkins, B.L and Battin, P},
  date      = {1998},
  location  = {Washington (D.C.)},
  publisher = {Council on Library and Information Resources;
               Association of American Universities},
  langid    = {english}
}

% HÀN, Thé Thành, 2001. Micro-typographic extensions to the TEX type- setting
% system [online]. Brno [visited on 2016-12-09]. Available from:
% http://www.pragma-ade.nl/pdftex/thesis.pdf. PhD thesis. The Faculty of
% Informatics, Masaryk University.

@BCTHESIS{kontr-portal,
  author      = {Barbora Kompišová},
  title       = {Webový portál pro systém opravy domácích úkolů Kontr 2},
  date        = {2018},
  institution = {The Faculty of Informatics, Masaryk University},
  location    = {Brno},
  url         = {https://is.muni.cz/auth/th/q8lxz/},
  urldate     = {2018-11-27},
  langid      = {slovak}
}

% Masaryk University, 1996–2009 [online]. Brno: Masaryk University
% [visited on 2016-12-09]. Available from: https://www.muni.cz/en.

@ONLINE{muni,
  publisher = {Masaryk University},
  title     = {Masaryk University},
  date      = {1996/2018},
  url       = {https://www.muni.cz/en},
  urldate   = {2018-11-27},
  location  = {Brno},
  langid    = {slovak}
}

@ONLINE{fi-tech-stratus,
  publisher = {CVT FI MUNI},
  title     = {Stratus.FI},
  date      = {1994/2018},
  url       = {https://www.fi.muni.cz/tech/unix/stratus.html.cs},
  urldate   = {2018-11-27},
  location  = {Brno},
  langid    = {slovak}
}



@ONLINE{ansible,
  publisher = {Red Hat},
  title     = {Ansible},
  date      = {15.11.2018},
  url       = {https://docs.ansible.com/ansible/latest/index.html},
  urldate   = {2018-11-27},
  langid    = {slovak}
}

@techreport{RFC8446,
  author = {E. Rescorla},
  title = {The Transport Layer Security (TLS) Protocol Version 1.3},
  howpublished = {Internet Requests for Comments},
  type = {RFC},
  number = {8446},
  year = {2018},
  month = {August},
  issn = {2070-1721},
  url = {http://www.rfc-editor.org/rfc/rfc8446.txt},
}

@techreport{RFC2818,
  author = {E. Rescorla},
  title = {HTTP Over TLS},
  howpublished = {Internet Requests for Comments},
  type = {RFC},
  number = {2818},
  year = {2000},
  month = {May},
  issn = {2070-1721},
  url = {http://www.rfc-editor.org/rfc/rfc2818.txt},
}

@techreport{RFC5280,
  author = {D. Cooper and S. Santesson and S. Farrell and S. Boeyen and R. Housley and W. Polk},
  title = {Internet X.509 Public Key Infrastructure Certificate and Certificate Revocation List (CRL) Profile},
  howpublished = {Internet Requests for Comments},
  type = {RFC},
  number = {5280},
  year = {2008},
  month = {May},
  issn = {2070-1721},
  url = {http://www.rfc-editor.org/rfc/rfc5280.txt},
}